@inproceedings{chai2013rewriting,
  title={A Rewriting Based Monitoring Algorithm for TPTL.},
  author={Chai, Ming and Schlingloff, Holger},
  booktitle={CS\&P},
  pages={61--72},
  year={2013}
}
@inproceedings{chai2014online,
  title={Online Monitoring of Distributed Systems with a Five-valued LTL},
  author={Chai, Ming and Schlingloff, Bernd-Holger},
  booktitle={2014 IEEE 44th International Symposium on Multiple-Valued Logic},
  pages={226--231},
  year={2014},
  organization={IEEE}
}
@article{rocsu2005rewriting,
  title={Rewriting-based techniques for runtime verification},
  author={Ro{\c{s}}u, Grigore and Havelund, Klaus},
  journal={Automated Software Engineering},
  volume={12},
  number={2},
  pages={151--197},
  year={2005},
  publisher={Springer}
}
@inproceedings{barringer2011tracecontract,
  title={TraceContract: A Scala DSL for trace analysis},
  author={Barringer, Howard and Havelund, Klaus},
  booktitle={International Symposium on Formal Methods},
  pages={57--72},
  year={2011},
  organization={Springer}
}
@article{bauer2010comparing,
  title={Comparing LTL semantics for runtime verification},
  author={Bauer, Andreas and Leucker, Martin and Schallhart, Christian},
  journal={Journal of Logic and Computation},
  volume={20},
  number={3},
  pages={651--674},
  year={2010},
  publisher={Dov Gabbay}
}
